@manual{intel2017man,
    author = {{Intel Corporation}},
    title = {Intel 64 and IA-32 Architectures Software Developerâ€™s Manual},
    year = {2016},
    month = apr,
    organization = {Intel Corporation},
    note = {\url{http://www.intel.com/content/www/us/en/processors/architectures-software-developer-manuals.html},
 visited 2017-08-19}
}

@MISC{complex_base_conversion,
    TITLE = {Base conversion: How to convert between Decimal and a Complex base?},
    AUTHOR = {zoli},
    HOWPUBLISHED = {Mathematics Stack Exchange},
    NOTE = {URL: \url{https://math.stackexchange.com/q/1210892} (version: 2017-03-09)},
    EPRINT = {https://math.stackexchange.com/q/1210892},
    URL = {https://math.stackexchange.com/q/1210892}
}
